@article{Aho:1975:ESM:360825.360855,
 author = {Aho, Alfred V. and Corasick, Margaret J.},
 title = {Efficient String Matching: An Aid to Bibliographic Search},
 journal = {Commun. ACM},
 issue_date = {June 1975},
 volume = {18},
 number = {6},
 month = jun,
 year = {1975},
 issn = {0001-0782},
 pages = {333--340},
 numpages = {8},
 url = {http://doi.acm.org/10.1145/360825.360855},
 doi = {10.1145/360825.360855},
 acmid = {360855},
 publisher = {ACM},
 address = {New York, NY, USA},
 keywords = {bibliographic search, computational complexity, finite state machines, information retrieval, keywords and phrases, string pattern matching, text-editing},
}

@incollection{commentz-walter:algo,
year={1979},
isbn={978-3-540-09510-1},
booktitle={Automata, Languages and Programming},
volume={71},
series={Lecture Notes in Computer Science},
editor={Maurer, HermannA.},
doi={10.1007/3-540-09510-1_10},
title={A string matching algorithm fast on the average},
url={http://dx.doi.org/10.1007/3-540-09510-1_10},
publisher={Springer Berlin Heidelberg},
author={Commentz-Walter, Beate},
pages={118-132},
language={English}
}